<?xml version="1.0" encoding="UTF-8"?><collection xmlns="http://www.loc.gov/MARC21/slim"><record><leader>00344nam--2200121-i-4500</leader><controlfield tag="001">000023487</controlfield><controlfield tag="002">20161230</controlfield><controlfield tag="005">20161230201035</controlfield><controlfield tag="008">060222s1000------------r-----000-0-eng-d</controlfield><datafield ind1=" " ind2=" " tag="080"><subfield code="a">621.38(021)</subfield></datafield><datafield ind1=" " ind2=" " tag="245"><subfield code="a">Handbook of electronic materials. compiled by electronic properties information center</subfield></datafield><datafield ind1=" " ind2=" " tag="260"><subfield code="a">London, Ifi, Plenum, 1971</subfield></datafield><datafield ind1=" " ind2=" " tag="852"><subfield code="a">36663</subfield></datafield></record></collection>